<record xmlns:xsi="http://www.w3.org/2001/XMLSchema-instance" xmlns="http://www.loc.gov/MARC21/slim" xsi:schemaLocation="http://www.loc.gov/MARC21/slim http://www.loc.gov/standards/marcxml/schema/MARC21slim.xsd">

  <leader>01342nab a22001697a 4500</leader>
  <controlfield tag="005">20160317163502.0</controlfield>
  <controlfield tag="008">150706b2001    cr f|||| |||| 00| 0 spa d</controlfield>
  <datafield ind2=" " ind1=" " tag="090">
    <subfield code="a">REVIS 06.02.01</subfield>
  </datafield>
  <datafield tag="100" ind2=" " ind1="1">
    <subfield code="9">258</subfield>
    <subfield code="a">Rodríguez García, José Miguel</subfield>
  </datafield>
  <datafield ind2="0" ind1="1" tag="245">
    <subfield code="a">Reflexiones en torno a la educación religiosa:  elementos para una propuesta desde la psicología de la religión /</subfield>
    <subfield code="c">José Miguel Rodríguez García</subfield>
  </datafield>
  <datafield tag="260" ind1=" " ind2=" ">
    <subfield code="a">San José, Costa Rica :</subfield>
    <subfield code="b">Editorial Universidad de Costa Rica,</subfield>
    <subfield code="c">2001</subfield>
  </datafield>
  <datafield tag="300" ind2=" " ind1=" ">
    <subfield code="a">páginas 101-111</subfield>
  </datafield>
  <datafield tag="520" ind1=" " ind2=" ">
    <subfield code="a">Este trabajo presenta, críticamente,  los fundamentos de la educación religiosa en Costa Rica. A tal fin, retoma elementos conceptuales de la psicología de la religión y de la psicología del desarrollo humano; en particular, de la psicología del desarrollo moral. Principalmente, reflexiona en torno al desarrollo de la fe y al juicio moral sobre la educación religiosa en Costa Rica. Finalmente, critica algunos elementos que plantean una educación religiosa tendiente a desarrollar la fe junto con el juicio moral, además de ofrecer una visión universalista  sobre el fenómeno religioso</subfield>
  </datafield>
  <datafield tag="650" ind1="1" ind2="4">
    <subfield code="9">1</subfield>
    <subfield code="a">EDUCACIÓN</subfield>
  </datafield>
  <datafield tag="773" ind2=" " ind1="0">
    <subfield code="d">San José, Costa Rica : Editorial de la Universidad de Costa Rica, 1997-</subfield>
    <subfield code="o">R0189</subfield>
    <subfield code="t">EDUCACIÓN: Revista de la Universidad de Costa Rica</subfield>
    <subfield code="g">Vol.25, no.2  (2001)</subfield>
  </datafield>
  <datafield ind2=" " ind1=" " tag="942">
    <subfield code="2">z</subfield>
    <subfield code="c">10</subfield>
  </datafield>
  <datafield ind1=" " ind2=" " tag="999">
    <subfield code="c">2732</subfield>
    <subfield code="d">2732</subfield>
  </datafield>
</record>